%YAML 1.1
%TAG !u! tag:unity3d.com,2011:
--- !u!1 &1616248575353947861
GameObject:
  m_ObjectHideFlags: 0
  m_CorrespondingSourceObject: {fileID: 0}
  m_PrefabInstance: {fileID: 0}
  m_PrefabAsset: {fileID: 0}
  serializedVersion: 6
  m_Component:
  - component: {fileID: 1616248575353947863}
  - component: {fileID: 1616248575353947860}
  m_Layer: 0
  m_Name: Spwner
  m_TagString: Untagged
  m_Icon: {fileID: 0}
  m_NavMeshLayer: 0
  m_StaticEditorFlags: 0
  m_IsActive: 1
--- !u!4 &1616248575353947863
Transform:
  m_ObjectHideFlags: 0
  m_CorrespondingSourceObject: {fileID: 0}
  m_PrefabInstance: {fileID: 0}
  m_PrefabAsset: {fileID: 0}
  m_GameObject: {fileID: 1616248575353947861}
  m_LocalRotation: {x: -0, y: -0, z: -0, w: 1}
  m_LocalPosition: {x: -0.11267269, y: -2.6262398, z: -3.0337868}
  m_LocalScale: {x: 1, y: 1, z: 1}
  m_Children: []
  m_Father: {fileID: 1616248576437349731}
  m_RootOrder: 0
  m_LocalEulerAnglesHint: {x: 0, y: 0, z: 0}
--- !u!114 &1616248575353947860
MonoBehaviour:
  m_ObjectHideFlags: 0
  m_CorrespondingSourceObject: {fileID: 0}
  m_PrefabInstance: {fileID: 0}
  m_PrefabAsset: {fileID: 0}
  m_GameObject: {fileID: 1616248575353947861}
  m_Enabled: 1
  m_EditorHideFlags: 0
  m_Script: {fileID: 11500000, guid: a334a8d87328d2f4fb327d024757f2dc, type: 3}
  m_Name: 
  m_EditorClassIdentifier: 
--- !u!1 &1616248576437349728
GameObject:
  m_ObjectHideFlags: 0
  m_CorrespondingSourceObject: {fileID: 0}
  m_PrefabInstance: {fileID: 0}
  m_PrefabAsset: {fileID: 0}
  serializedVersion: 6
  m_Component:
  - component: {fileID: 1616248576437349731}
  m_Layer: 0
  m_Name: 002
  m_TagString: Untagged
  m_Icon: {fileID: 0}
  m_NavMeshLayer: 0
  m_StaticEditorFlags: 0
  m_IsActive: 1
--- !u!4 &1616248576437349731
Transform:
  m_ObjectHideFlags: 0
  m_CorrespondingSourceObject: {fileID: 0}
  m_PrefabInstance: {fileID: 0}
  m_PrefabAsset: {fileID: 0}
  m_GameObject: {fileID: 1616248576437349728}
  m_LocalRotation: {x: 0, y: 0, z: 0, w: 1}
  m_LocalPosition: {x: 0, y: 0, z: 0}
  m_LocalScale: {x: 1, y: 1, z: 1}
  m_Children:
  - {fileID: 1616248575353947863}
  - {fileID: 3298454538681721345}
  m_Father: {fileID: 0}
  m_RootOrder: 0
  m_LocalEulerAnglesHint: {x: 0, y: 0, z: 0}
--- !u!114 &7908333050925436833
MonoBehaviour:
  m_ObjectHideFlags: 0
  m_CorrespondingSourceObject: {fileID: 0}
  m_PrefabInstance: {fileID: 0}
  m_PrefabAsset: {fileID: 0}
  m_GameObject: {fileID: 1989798517772701714}
  m_Enabled: 1
  m_EditorHideFlags: 0
  m_Script: {fileID: 11500000, guid: 847ab48a142d1214ba097088d818a761, type: 3}
  m_Name: 
  m_EditorClassIdentifier: 
  meshFilterOut: {fileID: 8305657119471298339}
  meshFilterIn: {fileID: 3208858860138308991}
  mesh: {fileID: 0}
  hitPointer: {fileID: 0}
  vertPointer: {fileID: 0}
  reformProgress: 0
--- !u!1001 &7547120534576662811
PrefabInstance:
  m_ObjectHideFlags: 0
  serializedVersion: 2
  m_Modification:
    m_TransformParent: {fileID: 1616248576437349731}
    m_Modifications:
    - target: {fileID: -4216859302048453862, guid: 6618871d5c40fc34fb625168ca17174a,
        type: 3}
      propertyPath: m_LocalPosition.x
      value: 0
      objectReference: {fileID: 0}
    - target: {fileID: -4216859302048453862, guid: 6618871d5c40fc34fb625168ca17174a,
        type: 3}
      propertyPath: m_LocalPosition.y
      value: 0
      objectReference: {fileID: 0}
    - target: {fileID: -4216859302048453862, guid: 6618871d5c40fc34fb625168ca17174a,
        type: 3}
      propertyPath: m_LocalPosition.z
      value: 0
      objectReference: {fileID: 0}
    - target: {fileID: -4216859302048453862, guid: 6618871d5c40fc34fb625168ca17174a,
        type: 3}
      propertyPath: m_LocalRotation.x
      value: 0
      objectReference: {fileID: 0}
    - target: {fileID: -4216859302048453862, guid: 6618871d5c40fc34fb625168ca17174a,
        type: 3}
      propertyPath: m_LocalRotation.y
      value: 0
      objectReference: {fileID: 0}
    - target: {fileID: -4216859302048453862, guid: 6618871d5c40fc34fb625168ca17174a,
        type: 3}
      propertyPath: m_LocalRotation.z
      value: 0
      objectReference: {fileID: 0}
    - target: {fileID: -4216859302048453862, guid: 6618871d5c40fc34fb625168ca17174a,
        type: 3}
      propertyPath: m_LocalRotation.w
      value: 1
      objectReference: {fileID: 0}
    - target: {fileID: -4216859302048453862, guid: 6618871d5c40fc34fb625168ca17174a,
        type: 3}
      propertyPath: m_RootOrder
      value: 1
      objectReference: {fileID: 0}
    - target: {fileID: -4216859302048453862, guid: 6618871d5c40fc34fb625168ca17174a,
        type: 3}
      propertyPath: m_LocalEulerAnglesHint.x
      value: 0
      objectReference: {fileID: 0}
    - target: {fileID: -4216859302048453862, guid: 6618871d5c40fc34fb625168ca17174a,
        type: 3}
      propertyPath: m_LocalEulerAnglesHint.y
      value: 0
      objectReference: {fileID: 0}
    - target: {fileID: -4216859302048453862, guid: 6618871d5c40fc34fb625168ca17174a,
        type: 3}
      propertyPath: m_LocalEulerAnglesHint.z
      value: 0
      objectReference: {fileID: 0}
    - target: {fileID: -927199367670048503, guid: 6618871d5c40fc34fb625168ca17174a,
        type: 3}
      propertyPath: m_Name
      value: 03_Fish
      objectReference: {fileID: 0}
    m_RemovedComponents: []
  m_SourcePrefab: {fileID: 100100000, guid: 6618871d5c40fc34fb625168ca17174a, type: 3}
--- !u!1 &1989798517772701714 stripped
GameObject:
  m_CorrespondingSourceObject: {fileID: -927199367670048503, guid: 6618871d5c40fc34fb625168ca17174a,
    type: 3}
  m_PrefabInstance: {fileID: 7547120534576662811}
  m_PrefabAsset: {fileID: 0}
--- !u!4 &3298454538681721345 stripped
Transform:
  m_CorrespondingSourceObject: {fileID: -4216859302048453862, guid: 6618871d5c40fc34fb625168ca17174a,
    type: 3}
  m_PrefabInstance: {fileID: 7547120534576662811}
  m_PrefabAsset: {fileID: 0}
--- !u!33 &3208858860138308991 stripped
MeshFilter:
  m_CorrespondingSourceObject: {fileID: 4914810387688795236, guid: 6618871d5c40fc34fb625168ca17174a,
    type: 3}
  m_PrefabInstance: {fileID: 7547120534576662811}
  m_PrefabAsset: {fileID: 0}
--- !u!33 &8305657119471298339 stripped
MeshFilter:
  m_CorrespondingSourceObject: {fileID: 2017433441996926520, guid: 6618871d5c40fc34fb625168ca17174a,
    type: 3}
  m_PrefabInstance: {fileID: 7547120534576662811}
  m_PrefabAsset: {fileID: 0}
